<record><leader>00000cas a22000007a 4500</leader><controlfield tag="001">29046143</controlfield><controlfield tag="008">931019d19631998scuwr ne      0    0eng d</controlfield><datafield ind1=" " ind2=" " tag="010"><subfield code="a">sn 93067959 </subfield></datafield><datafield ind1=" " ind2=" " tag="040"><subfield code="a">SVN</subfield><subfield code="b">eng</subfield><subfield code="c">SVN</subfield><subfield code="d">DLC</subfield><subfield code="d">OCLCF</subfield><subfield code="d">OCLCO</subfield></datafield><datafield ind1=" " ind2=" " tag="042"><subfield code="a">msc</subfield></datafield><datafield ind1=" " ind2=" " tag="043"><subfield code="a">n-us-sc</subfield></datafield><datafield ind1="0" ind2=" " tag="130"><subfield code="a">Star reporter (Columbia, S.C.)</subfield></datafield><datafield ind1="0" ind2="4" tag="245"><subfield code="a">The star-reporter.</subfield></datafield><datafield ind1="3" ind2=" " tag="246"><subfield code="a">Star reporter</subfield></datafield><datafield ind1=" " ind2=" " tag="260"><subfield code="a">Columbia, S.C. :</subfield><subfield code="b">Star-Reporter Corp.,</subfield><subfield code="c">1963-1998.</subfield></datafield><datafield ind1=" " ind2=" " tag="300"><subfield code="a">35 v.</subfield></datafield><datafield ind1=" " ind2=" " tag="310"><subfield code="a">Weekly</subfield></datafield><datafield ind1="0" ind2=" " tag="362"><subfield code="a">Vol. 1, no. 1 (Oct. 24, 1963)-v. 35, no. 30 (Apr. 30, 1998).</subfield></datafield><datafield ind1=" " ind2="0" tag="651"><subfield code="a">Columbia (S.C.)</subfield><subfield code="v">Newspapers.</subfield></datafield><datafield ind1=" " ind2="0" tag="651"><subfield code="a">Richland County (S.C.)</subfield><subfield code="v">Newspapers.</subfield></datafield><datafield ind1=" " ind2="7" tag="655"><subfield code="a">Newspapers.</subfield><subfield code="2">fast</subfield><subfield code="0">(OCoLC)fst01423814</subfield></datafield><datafield ind1=" " ind2="7" tag="651"><subfield code="a">South Carolina</subfield><subfield code="z">Columbia.</subfield><subfield code="2">fast</subfield><subfield code="0">(OCoLC)fst01206785</subfield></datafield><datafield ind1=" " ind2="7" tag="651"><subfield code="a">South Carolina</subfield><subfield code="z">Richland County.</subfield><subfield code="2">fast</subfield><subfield code="0">(OCoLC)fst01206357</subfield></datafield><datafield ind1=" " ind2=" " tag="752"><subfield code="a">United States</subfield><subfield code="b">South Carolina</subfield><subfield code="c">Richland</subfield><subfield code="d">Columbia.</subfield></datafield></record>